@BOOK{agresti,
  title = {Categorical Data Analysis},
  publisher = {John Wiley},
  year = {1990},
  author = {Agresti, A.},
  address={Nova Iorque}
}

@TECHREPORT{albieri,
  author = {Albieri, S. and  Bianchini, Z. M.},
  title = {Aspectos de amostragem relativos à pesquisa domiciliar sobre padrões
	de vida},
  institution = {{IBGE, Departamento de Metodologia}},
  year = {1997},
  address = {Rio de Janeiro}
 }

@BOOK{bickel,
  title = {Mathematical Statistics: Basic Ideas and Selected Topics},
  publisher = {Holden-Day},
  year = {1977},
  author = {Bickel, P. J. and Doksum, K. A.},
  address = {San Francisco}
}

@ARTICLE{binder83,
  author = {Binder, D. A.},
  title = {On the variances of asymptotically normal estimators from complex
	surveys},
  journal = {International Statistical Review},
  year = {1983},
  volume = {51},
  pages = {279-292}
  }

@INCOLLECTION{binder87,
  author = {Binder, D. A. and Kovar, J. G. and Kumar, S. and Paton, D. and Baaren, A. V.},
  title = {Analytic uses of survey data: a review},
  booktitle = {Applied Probability, Stochastic Processes and Sampling Theory},
  publisher = {John Wiley},
  year = {1987},
  pages = {243-264},
  editor = {MacNeil, I. B. and Umphrey, G. J.}
}

@BOOK{Bishop,
  title = {Discrete Multivariate Analysis: Theory and Practice},
  publisher = {The MIT Press},
  year = {1975},
  author = {Bishop, Y. M. M. and Fienberg, S. E. and Holland, P. W.},
  address = {Massachusets}
}

@ARTICLE{brewer,
  author = {Brewer, K. W. R.},
  title = {A class of robust sampling designs for large scale surveys},
  journal = {Journal of the American Statistical Association},
  year = {1979},
  volume = {74},
  pages = {911-915}
 }

@BOOK{bryk,
  title = {Hierarquical Linear Models: Applications and Data Analysis Methods},
  publisher = {Sage},
  year = {1992},
  author = {Bryk, A. S. and Raudenbush, S. W.},
  address = {Newbury Park}
}

@INCOLLECTION{carlson,
  author = {Carlson, B. L.},
  title = {Software for statistical analysis of sample survey data},
  booktitle = {Encyclopaedia of Biostatistics},
  publisher = {John Wiley},
  year = {1998},
  editors = {Armitage, P. and Colton, T.}
}

@BOOK{cassel,
  title = {Foundations of Inference in Survey Sampling},
  publisher = {John Wiley},
  year = {1977},
  author = {Cassel, C. M. and Särndal, C-E. and Wretman, J. H},
  address = {Nova Iorque}
}

@ARTICLE{chambers86,
  author = {Chambers, R. L.},
  title = {Design-adjusted parameter estimation},
  journal = {Journal of the Royal Statistical Society},
  year = {1986},
  volume = {149},
  pages = {161-173}
}

@ARTICLE{chambers95,
  author = {Chambers, R. L.},
  title = {Regression analysis with sample survey data},
  journal = {Manuscrito inédito cedido por cortesia do autor},
  year = {1995},
  volume = {30},
  pages = {70-87}
}

@BOOK{CHSK2003,
editor={Chambers, R.L. and Skinner, C.J.},
  title = {Analysis of Survey Data},
  publisher = {John Wiley},
  year = {2003},
  address = {Chichester}
}

@BOOK{cochran,
  title = {Sampling Techniques},
  publisher = {John Wiley},
  year = {1977},
  author = {Cochran, W. G.},
  address = {Nova Iorque}
}


@BOOK{cox,
  title = {Theoretical Statistics},
  publisher = {Chapman \& Hall},
  year = {1974},
  author = {Cox, D. R. and Hinkley, D. V.},
  address = {Londres}
}

@ARTICLE{deming,
  author = {Deming, W. E.},
  title = {On simplifications of sampling design through replication with equal
	probabilities and without stages},
  journal = {Journal of the American Statistical Association},
  year = {1956},
  volume = {51},
  pages = {24-53}
}

@BOOK{diggle,
  title = {Analysis of Longitudinal Data},
  publisher = {Clarendon Press},
  year = {1994},
  author = {Diggle, P. J. and Liang, K. Y. and Zeger, S. L.},
  address = {Oxford}
}

@BOOK{draper,
author={Draper, N. R. and Smith, H.},
title={Applied Regression Analysis},
publisher={John Wiley},
year={1981},
edition={Second},
address={Nova Iorque}
}

@ARTICLE{fellegi,
  author = {Fellegi, I. P.},
  title = {Approximate tests of independence and goodness-of-fit based on stratified
	multistage samples},
  journal = {Journal of the American Statistical Association},
  year = {1980},
  volume = {75},
  pages = {261-268}
}

@TECHREPORT{freitas,
  author = {Freitas, M. P. S. and Duarte, R. P. N. and Pessoa, D. G. C. and Albieri, S.	and Nascimento Silva, P. L. D.},
  title = {Comparando distribuições etárias em pesquisas por amostragem: PNAD
	95 e PPV 96/97},
  institution = {IBGE, Departamento de Metodologia},
  year = {1997},
  address = {Rio de Janeiro}
}

@ARTICLE{fuller75,
  author = {Fuller, W. A.},
  title = {Regression analysis for sample survey},
  journal = {Sankhy\={a} C},
  year = {1975},
  volume = {37},
  pages = {117-132}
}

@ARTICLE{fuller84,
  author = {Fuller, W. A.},
  title = {Least squares and related analyses for complex survey designs},
  journal = {Survey Methodology},
  year = {1984},
  volume = {10},
  pages = {97-118}
}

@BOOK{garthwaite,
  title = {Statistical Inference},
  publisher = {Prentice Hall},
  year = {1995},
  author = {Garthwaite, P. H. and Jollife, I. T. and Jones, B},
  address = {Nova Iorque}
}

@BOOK{haggard,
  title = {Intraclass Correlation and the Analysis of Variance},
  publisher = {Dryden Press},
  year = {1958},
  author = {Haggard, E. A.},
  address = {Nova Iorque}
}

@ARTICLE{hajek,
  author = {Hájek, J.},
  title = {Limiting distributions in simple random sampling from finite populations},
  journal = {Pub.Math. Inst. Hung. Acad. Sci.},
  year = {1960},
  volume = {5},
  pages = {361-374}
}

@BOOK{hansen,
  title = {Sample Survey Methods and Theory},
  publisher = {John Wiley and Sons},
  year = {1953},
  author = {Hansen, M. H. and Hurwitz, W. N. and Madow, W. G.},
  address = {Nova Iorque}
}

@ARTICLE{holt80a,
  author = {Holt, D. and Scott, A. and Ewings, P. D.},
  title = {Chi-squared tests with survey data},
  journal = {Journal of the Royal Statistical Society A},
  year = {1980},
  volume = {143},
  pages = {303-320}
}

@ARTICLE{holt80b,
  author = { Holt, D. and Smith, T. M. F. and Winter, P. D.},
  title = {Regression analysis of data from complex surveys},
  journal = {Journal of the Royal Statistical Society, A},
  year = {1980},
  volume = {143},
  pages = {474-487}
}

@TECHREPORT{IBGE81,
  author = {IBGE},
  title = {Metodologia da {Pesquisa} {Nacional} por {Amostra} de {Domicílios}
	na {Década} de 70},
  institution = {IBGE},
  year = {1981},
  type = {Série Relatórios Metodológicos},
  number = {1},
  address = {Rio de Janeiro}
}

@TECHREPORT{IBGE85,
  author = {IBGE},
  title = {Amostra de {Uso} {Público} do {Censo} {Demográfico} de 1980 - {Metodologia}
	e {Manual} do {Usuário}},
  institution = {IBGE},
  year = {1985},
  address={Rio de Janeiro}
}

@ARTICLE{Isaki,
  author = {Isaki, C. T. and Fuller, W. A.},
  title = {Survey design under the regression superpopulation model},
  journal = {Journal of the American Statistical Association},
  year = {1982},
  volume = {77},
  pages = {89-96}
}

@BOOK{Johnson,
  title = {Applied Multivariate Statistical Analysis},
  publisher = {Prentice Hall},
  year = {1988},
  author = {Johnson, R. A. and Wichern, D. W.},
  address = {Englewood Cliffs, New Jersey}
}

@TECHREPORT{kalton83a,
  author = {Kalton, G.},
  title = {Compensating for missing survey data},
  institution = {The University of Michigan, Institute for Social Research, Survey
	Research Center},
  year = {1983},
  address = {Ann Arbor, Michigan}
}

@ARTICLE{kalton83b,
  author = {Kalton, G.},
  title = {Models in the practice of survey sampling},
  journal = {International Statistical Review},
  year = {1983},
  volume = {51},
  pages = {175-188}
}

@BOOK{Kish65,
  title = {Survey Sampling},
  publisher = {John Wiley and Sons},
  year = {1965},
  author = {Kish, L.},
  address = {Nova Iorque}
}

@ARTICLE{KF,
  author = {Kish, L. and Frankel, M. R.},
  title = {Inference from complex samples (with discussion)},
  journal = {Journal of the Royal Statistical Society B},
  year = {1974},
  volume = {36},
  pages = {1-37}
}


@BOOK{lethonen,
  title = {Practical Methods for Design and Analysis of Complex Surveys},
  publisher = {John Wiley and Sons},
  year = {1995},
  author = {Lehtonen, R. and Pahkinen, E. J.},
  address = {Chichester}
}

@TECHREPORT{Leote,
  author = {Leote, R. M. D.},
  title = {Um perfil sócio-econômico das pessoas ocupadas no setor informal
	na área urbana do {Rio} de {Janeiro}},
  institution = {IBGE, Escola Nacional de Ciências Estatísticas},
  year = {1996},
  number = {2},
  address = {Rio de Janeiro}
  }

@ARTICLE{Lepkowski,
  author = {Lepkowski, J. and Bowles, J.},
  title = {Sampling error software for personal computers},
  journal = {The Survey Statistician},
  year = {1996},
  volume = {35},
  pages = {10-17}
}

@BOOK{little87,
  title = {Statistical Analysis with Missing Data},
  publisher = {John Wiley and Sons},
  year = {1987},
  author = {Little, R. J. A. and Rubin, D. B.},
  address = {Nova Iorque},
  edition = {First}
}

@BOOK{LR2002,
author={Little, R. J. A. and Rubin, D. B.},
  title = {Statistical Analysis with missing data},
  publisher = {John Wiley and Sons},
  year = {2002},
  address = {Nova Iorque}
}

@BOOK{Longford,
  title = {Random Coefficient Models},
  publisher = {Clarendon Press},
  year = {1993},
  author = {Longford, N.T.},
  address = {Oxford}
}

@Manual{Lumley04,
	author = {Lumley, T.},
	title  ={survey: analysis of complex survey samples},
	year = {2004},
	organization={R package version 3.6-5}
}

@Article{Lumley06,
	author = {Lumley, T.},
	title = { Analysis of complex survey samples},
	year  ={2006},
	journal = {Journal of Statistical Software},
	volume={9},
	number={1},
	pages={1--19}
}

@ARTICLE{Mahala39,
  author = {Mahalanobis, P. C.},
  title = {A sample survey of the acreage under jute in Bengal},
  journal = {Sankhya},
  year = {1939},
  volume = {4},
  pages = {511-531}
}

@ARTICLE{Mahala44,
  author = {Mahalanobis, P. C.},
  title = {On large-scale sample surveys},
  journal = {Philosophical Transactions of the Royal Society of London B},
  year = {1944},
  volume = {231},
  pages = {329-451}
}

@ARTICLE{Mont87,
  author = {Montanari, G. E.},
  title = {Post-sampling efficient {QR-prediction} in large-sample surveys},
  journal = {International Statistical Review},
  year = {1987},
  volume = {55},
  pages = {191-202}
}

@PHDTHESIS{Silva,
  author = {{Nascimento Silva}, P. L. D.},
  title = {Utilizing Auxiliary Information for Estimation and Analysis in Sample
	Surveys},
  school = {University of Southampton, Department of Social Statistics},
  year = {1996}
}

@TECHREPORT{SilvaMou,
  author = {{Nascimento Silva}, P. L. D. and Moura, F. A. S.},
  title = {Efeitos de conglomeração da malha setorial do censo demográfico 80},
  institution = {IBGE, Diretoria de Pesquisas},
  year = {1990},
  type = {Série Textos para Discussão},
  number = {32},
  address={Rio de Janeiro}
}

@ARTICLE{NH80,
  author = {Nathan, G. and Holt, D.},
  title = {The effect of survey design on regression analysis},
  journal = {Journal of the Royal Statistical Society B},
  year = {1980},
  volume = {42},
  pages = {377-386}
}

@ARTICLE{Neyman,
  author = {Neyman, J.},
  title = {On the two different aspects of the representative method: the method
	of stratified sampling and the method of purposive selection},
  journal = {Journal of the Royal Statistical Society A},
  year = {1934},
  volume = {97},
  pages = {558-606}
}

@ARTICLE{Pessoa,
  author = {Pessoa, D. G. C. and {Nascimento Silva}, P. L. D. and Duarte, R. P. N.},
  title = {Análise estatística de dados de pesquisas por amostragem: problemas
	no uso de pacotes padrões},
  journal = {Revista Brasileira de Estatística},
  year = {1997},
  volume = {33},
  pages = {44-57}
}

@ARTICLE{Pfeff,
  author = {Pfeffermann, D.},
  title = {The role of sampling weights when modelling survey data},
  journal = {International Statistical Review},
  year = {1993},
  volume = {61},
  pages = {317-337}
}

@ARTICLE{PfefeNat,
  author = {Pfeffermann, D. and Nathan, G.},
  title = {Regression analysis of data from complex samples},
  journal = {Journal of the American Statistical Association},
  year = {1981},
  volume = {76},
  pages = {p. 681-689}
}

@ARTICLE{Pfefetalli,
  author = {Pfeffermann, D. and Skinner, C. J. and Holmes, D. J. and Goldstein, H.
	and Rasbash, J.},
  title = {Weighting for unequal selection probabilities in multilevel models},
  journal = {Journal of the Royal Statistical Society B},
  year = {1998},
  volume = {60},
  pages = {23-40}
}

@ARTICLE{PKR,
  author = {Pfeffermann, D. and Krieger, A. M. and Rinott, Y.},
  title = {Parametric Distributions of Complex Survey Data Under Informative Probability Survey},
  journal = {Statistica Sinica},
  year = {1998},
  volume = {8},
  pages = {1087-1114}
}


@ARTICLE{Queno49,
  author = {Quenoille, M. H.},
  title = {Problems in plane sampling},
  journal = {Annals of Mathematical Statistics},
  year = {1949},
  volume = {20},
  pages = {p. 355-375}
}


@ARTICLE{Queno56,
  author = {Quenoille, M. H.},
  title = {Notes on bias in estimation},
  journal = {Biometrika},
  year = {1956},
  volume = {43},
  pages = {353-360}
}

@Manual{sofR,
    title = {R: A Language and Environment for Statistical Computing},
    author = {{R Development Core Team}},
    organization = {R Foundation for Statistical Computing},
    address = {Vienna, Austria},
    year = {2008},
    note = {{ISBN} 3-900051-07-0},
    url = {http://www.R-project.org}
  }


@ARTICLE{Rao,
  author = {Rao, J. N. K. and Scott, A. J.},
  title = {The analysis of categorical data from complex sample surveys: chi-squared
	tests for goodness-of-fit and independence in two way tables},
  journal = {Journal of the American Statistical Association},
  year = {1981},
  volume = {76},
  pages = {221-230}
}

@ARTICLE{Robin,
  author = {Robinson, P. M. and Särndal, C. E.},
  title = {Asymptotic properties of the generalized regression estimator in
	probability sampling},
  journal = {Sankhy\={a} B},
  year = {1983},
  volume = {45},
  pages = {240-248}
}

@MASTERSTHESIS{Rodrigues,
	author={Rodrigues, S. C. },
	title={Análise da estrutura salarial revelada pela {PPV} incorporando peso e plano      amostral},
	year={2003},
	school={Escola Nacional de Ciências Estatísticas - ENCE},
	address={Rio de Janeiro}
}

@ARTICLE{Rubin76,
  author = {Rubin, D. B.},
  title = {Inference and missing data},
  journal = {Biometrika},
  year = {1976},
  volume = {63},
  pages = {581-592}
}

@BOOK{Rubin87,
  title = {Multiple Imputation for Nonresponse in Surveys},
  publisher = {John Wiley and Sons},
  year = {1987},
  author = {Rubin, D. B.},
  address = {Nova Iorque}
}

@BOOK{SSW92,
  title = {Model Assisted Survey Sampling},
  publisher = {Springer-Verlag},
  year = {1992},
  author = {Särndal, C-E. and Swensson, B. and Wretman, J. H.},
  address = {Nova Iorque}
}

@BOOK{SL,
title={Estimation in Surveys with Nonresponse},
author={Särndal, C. E. and Lundström, S.},
year={2005},
publisher={John Wiley and Sons},
address={Nova Iorque}
}


@ARTICLE{sat,
  author = {Satterthwaite, F. E.},
  title = {An approximate distribution of estimates of variance components},
  journal = {Biometrics},
  year = {1946},
  volume = {2},
  pages = {110-114}
}

@Manual{SUDAAN92,
	author = {Shah, B. V. and Barnwell, B. G. and Hunt, P. N. and LaVange, L. M.},
	title  ={{SUDAAN} User's Manual - Professional Software for SUrvey ANalysis for multistage sample designs - realease 6.0},
	year = {1992},
	address={Research Triangle Park, NC:Research Triangle Institute}
	}

@TECHREPORT{Sudaan93,
  author = {Shah, B. V. and Folsom, R. E. and LaVange, L. M. and Wheeless, S. C. and Boyle,	K. E. and Williams, R. L.},
  title = {Statistical Methods and Mathematical Algorithms Used in SUDAAN},
 adress = {Research Triangle Park, NC: Research Triangle Institute},
  year = {1993}
}


@INCOLLECTION{Sk89a,
  author = {Skinner, C. J.},
  title = {Introduction to {Part} {A}},
  booktitle = {Analysis of Complex Surveys},
  publisher = {John Wiley and Sons},
  year = {1989a},
  pages = {23-57},
  address = {Chichester},
  editors = {Skinner, C. J. and Holt, D. and Smith, T. M. F.}
}

@INCOLLECTION{Sk89b,
  author = {Skinner, C. J.},
  title = {Domain Means, Regression and Multivariate Analysis},
  booktitle = {Analysis of Complex Surveys},
  publisher = {John Wiley and Sons},
  year = {1989b},
  editors = {Skinner, C. J. and Holt, D. e Smith, T. M. F.},
  pages = {59--87},
  address = {Chichester}
}

@BOOK{SHS89,
  title = {Analysis of Complex Surveys},
  publisher = {John Wiley and Sons},
  year = {1989},
  editor = {Skinner, C. J. and Holt, D. and Smith, T. M. F.},
  address = {Chichester}
}
@Manual{Stata,
author={Stata},
title={Stata User's Guide, Release 5},
year={1997},
address={College Station, Texas: Stata Press}
}
@BOOK{Sud76,
  title = {Applied Sampling},
  publisher = {Academic Press},
  year = {1976},
  author = {Sudman, S.},
  address = {Nova Iorque}
}
@ARTICLE{Sugden84,
  author = {Sugden, R. A. and Smith, T. M. F.},
  title = {Ignorable and informative designs in survey sampling inference},
  journal = {Biometrika},
  year = {1984},
  volume = {71},
  pages = {495--506}
}

@ARTICLE{TR87,
  author = {Thomas, D. R and Rao, J. N. K.},
  title = {Small-sample comparison of level and power for simple goodness-of-fit
	statistics under cluster sampling},
  journal = {Journal of the American Statistical Association},
  year = {1987},
  volume = {82},
  pages = {630--636}
}

@TECHREPORT{USBureau,
author={US Bureau of Labor Statistics},
year={1984},
title={BLS Handbook of Methods - Volume II - The Consumer Price Index},
address={Washington DC},
type={BLS Bulletin 2134-2}
}

@Manual{Westat,
author={Westat},
title={A User's Guide to {WesVarPc}, version 2.0},
year={1996},
address={Mariland},
organization={Westat, Inc.}
}

@BOOK{W85,
  title = {Introduction to Variance Estimation},
  publisher = {Springer-Verlag},
  year = {1985},
  author = {Wolter, K. M.},
  address = {Nova Iorque}
}

@BOOK{Casella,
title={Inferência Estatística},
author={Casella, G and Roger, L.B.},
publisher={Cengage Learning},
year={2010},
address={São Paulo}
}

@BOOk{Marcos,
title={Noções de Probabilidade e Estatística},
author={Magalhães, Marcos N. and Lima, A.C.P.},
publisher={Edusp - Editora da Universidade de São Paulo},
year={2015},
edition={7ª edição, 3ª reimpressão revista},
address={São Paulo}
}

@book{heeringa,
  title={Applied Survey Data Analysis},
  author={Heeringa, S.G. and West, B.T. and Berglund, P.A.},
  isbn={9781420080667},
  lccn={2009051730},
  series={Chapman \& Hall/CRC Statistics in the Social and Behavioral Sciences},
  url={https://books.google.com.br/books?id=QNmIvnTLlxcC},
  year={2010},
  publisher={Taylor \& Francis}
}

@article{royall,
  title={On finite population sampling theory under certain linear regression models},
  author={Royall, Richard M},
  journal={Biometrika},
  volume={57},
  number={2},
  pages={377--387},
  year={1970},
  publisher={Oxford University Press}
}

@book{valliant,
  title={Finite population sampling and inference: a prediction approach},
  author={Valliant, Richard and Valliant, Richard and Dorfman, Alan H and Royall, Richard M},
  number={04; QA276. 6, V3.},
  year={2000}
}

@book{thompson,
title={Sampling},
author={Thompson, S. K.},
year={1992},
series={Wiley Series in Probability and Mathematical Statistics},
publisher={John Wiley and Sons}
}




