@Manual{R-base,
  title = {R: A Language and Environment for Statistical Computing},
  author = {{R Core Team}},
  organization = {R Foundation for Statistical Computing},
  address = {Vienna, Austria},
  year = {2016},
  url = {https://www.R-project.org/}
}

@Manual{R-bookdown,
  title = {bookdown: Authoring Books and Technical Documents with R Markdown},
  author = {Yihui Xie},
  year = {2016},
  note = {R package version 0.3},
  url = {https://CRAN.R-project.org/package=bookdown}
}

@Manual{R-knitr,
  title = {knitr: A General-Purpose Package for Dynamic Report Generation in R},
  author = {Yihui Xie},
  year = {2016},
  note = {R package version 1.15.1},
  url = {https://CRAN.R-project.org/package=knitr},
}

@Manual{R-rmarkdown,
  title = {rmarkdown: Dynamic Documents for R},
  author = {JJ Allaire and Joe Cheng and Yihui Xie and Jonathan McPherson and Winston Chang and Jeff Allen and Hadley Wickham and Aron Atkins and Rob Hyndman},
  year = {2016},
  note = {R package version 1.2},
  url = {https://CRAN.R-project.org/package=rmarkdown}
}

@Misc{R-survey,
  author = {Thomas Lumley},
  year = {2016},
  title = {survey: analysis of complex survey samples},
  note = {R package version 3.31-5}
}

@Article{R-survey,
  year = {2004},
  author = {Thomas Lumley},
  title = {Analysis of Complex Survey Samples},
  journal = {Journal of Statistical Software},
  volume = {9},
  number = {1},
  pages = {1-19},
  note = {R package verson 2.2}
}

@Manual{R-lodown,
  title = {lodown: locally download and prepare publicly-available microdata},
  year = {2016},
  author = {Anthony Joseph Damico},
  note = {R package version 0.1.0},
  url = {http://asdfree.com/}
  }

@Manual{R-ggplot2,
  title = {ggplot2: Create Elegant Data Visualisations Using the Grammar of Graphics},
  author = {Hadley Wickham and Winston Chang},
  year = {2016},
  note = {R package version 2.2.1},
  url = {https://CRAN.R-project.org/package=ggplot2},
}

@Manual{R-sampling,
  title = {sampling: Survey Sampling},
  author = {Yves Till√© and Alina Matei},
  year = {2016},
  note = {R package version 2.8},
  url = {https://CRAN.R-project.org/package=sampling},
}
